<?xml version="1.0" encoding="UTF-8"?>
<marc:collection xmlns:marc="http://www.loc.gov/MARC21/slim" xmlns:xsi="http://www.w3.org/2001/XMLSchema-instance" xsi:schemaLocation="http://www.loc.gov/MARC21/slim http://www.loc.gov/standards/marcxml/schema/MARC21slim.xsd">
   <marc:record type="Bibliographic">
      <marc:leader>00759cam a22002295a 4500</marc:leader>
      <marc:controlfield tag="001">2772260</marc:controlfield>
      <marc:controlfield tag="003">NjP</marc:controlfield>
      <marc:controlfield tag="005">20100810150816.0</marc:controlfield>
      <marc:controlfield tag="008">971118s1951    le ac    b    000 0 araod</marc:controlfield>
      <marc:datafield tag="024" ind1="7" ind2=" ">
         <marc:subfield code="a">princeton_aco000657</marc:subfield>
         <marc:subfield code="2">local</marc:subfield>
      </marc:datafield>
      <marc:datafield tag="035" ind1=" " ind2=" ">
         <marc:subfield code="a">(OCoLC)ocm37957104</marc:subfield>
      </marc:datafield>
      <marc:datafield tag="035" ind1=" " ind2=" ">
         <marc:subfield code="a">(NBISU)notisAER8404</marc:subfield>
      </marc:datafield>
      <marc:datafield tag="035" ind1=" " ind2=" ">
         <marc:subfield code="9">CNG9345TS</marc:subfield>
      </marc:datafield>
      <marc:datafield tag="040" ind1=" " ind2=" ">
         <marc:subfield code="a">BNG</marc:subfield>
         <marc:subfield code="c">BNG</marc:subfield>
         <marc:subfield code="d">PUL</marc:subfield>
      </marc:datafield>
      <marc:datafield tag="100" ind1="1" ind2=" ">
         <marc:subfield code="a">Ḥasanī, ʻAbd al-Razzāq.</marc:subfield>
      </marc:datafield>
      <marc:datafield tag="245" ind1="1" ind2="3">
         <marc:subfield code="a">al-Yazīdīyūn fī ḥādirihim wa-māḍīhim /</marc:subfield>
         <marc:subfield code="c">bi-qalam ʻAbd al-Razzāq al-Ḥasanī.</marc:subfield>
      </marc:datafield>
      <marc:datafield tag="260" ind1=" " ind2=" ">
         <marc:subfield code="a">Ṣaydā :</marc:subfield>
         <marc:subfield code="b">al-Maṭbaʻah al-ʻIrfān,</marc:subfield>
         <marc:subfield code="c">1951.</marc:subfield>
      </marc:datafield>
      <marc:datafield tag="300" ind1=" " ind2=" ">
         <marc:subfield code="a">112 p. :</marc:subfield>
         <marc:subfield code="b">ill., ports ;</marc:subfield>
         <marc:subfield code="c">25 cm.</marc:subfield>
      </marc:datafield>
      <marc:datafield tag="504" ind1=" " ind2=" ">
         <marc:subfield code="a">Bibliography: p. [2]</marc:subfield>
      </marc:datafield>
      <marc:datafield tag="590" ind1=" " ind2=" ">
         <marc:subfield code="a">Photocopy.</marc:subfield>
      </marc:datafield>
      <marc:datafield tag="650" ind1=" " ind2="0">
         <marc:subfield code="a">Yezidis.</marc:subfield>
      </marc:datafield>
      <marc:datafield tag="852" ind1="0" ind2=" ">
         <marc:subfield code="b">nec</marc:subfield>
         <marc:subfield code="h">BL1595</marc:subfield>
         <marc:subfield code="i">.H373 1951</marc:subfield>
         <marc:subfield code="p">3083109</marc:subfield>
         <marc:subfield code="x">reclassed from: 2271.324.398</marc:subfield>
      </marc:datafield>
      <marc:datafield tag="945" ind1=" " ind2=" ">
         <marc:subfield code="a">F</marc:subfield>
         <marc:subfield code="b">1</marc:subfield>
         <marc:subfield code="c">2271.324.398</marc:subfield>
      </marc:datafield>
      <marc:datafield tag="911" ind1=" " ind2=" ">
         <marc:subfield code="a">20000130</marc:subfield>
      </marc:datafield>
   </marc:record>
</marc:collection>
